@misc{KOMAScriptDoc,
	month = {Feb},
	note = {[Online; accessed 18. Feb. 2019]},
	title = {{KOMA-Script Documentation Project {$\vert$} Aktive Anwender verbessern KOMA-Script.}},
	url = {https://komascript.de},
	year = {2019},
}

@article{chernichenko06,
	author = {Konstantin Yu. Chernichenko and Viktor V. Sumerin and Roman V. Shpanchenko and Elizabeth S. Balenkova and Valentine G. Nenajdenko},
	journal = {Angew. Chem. Int. Ed.},
	pages = {7367--7370},
	title = {"Sulflower": A New Form of Carbon Sulfide},
	volume = {45},
	year = {2006},
}

@article{minaeva19,
	author = {Valentina Minaevaa and Nataliya Karaush-Karmazina and Gleb Baryshnikova and Boris Minaev},
	journal = {Vib. Spectrosc.},
	pages = {107--116},
	title = {A complete characterization of vibrational IR and Raman spectra of the highly-symmetrical octathia[8]circulene},
	volume = {100},
	year = {2019},
}

@article{schleyer96,
	author = {Paul von Ragué Schleyer and Christoph Maerker and Alk Dransfeld and Haijun Jiao and Nicolaas J. R. van Eikema Hommes},
	journal = {J. Am. Chem. Soc.},
	pages = {6317--6318},
	title = {Nucleus-Independent Chemical Shifts: A Simple and Efficient Aromaticity Probe},
	volume = {118},
	year = {1996},
}

@article{zhongfang05,
	author = {Zhongfang Chen and Chaitanya S. Wannere and Clémence Corminboeuf and Ralph Puchta and Paul von Ragué Schleyer},
	journal = {Chem. Rev.},
	pages = {3842--3888},
	title = {Nucleus-Independent Chemical Shifts (NICS) as an Aromaticity Criterion},
	volume = {118},
	year = {2005},
}

@article{vidalvidal18,
	author = {Ángel Vidal-Vidal and Carlos Silva López and Olalla Nieto Faza},
	journal = {Phys. Chem. Chem. Phys.},
	pages = {8607--8615},
	title = {Nitrogen Doped Nanohoops as Promising CO$_2$ Capturing Devices},
	volume = {20},
	year = {2005},
}

@article{faraday1825,
	author = {M. Faraday},
	journal = {Philos. Trans. R. Soc. London},
	pages = {440-–466},
	title = {On new compounds of carbon and hydrogen, and on certain other products obtained during the decomposition of oil by heat},
	volume = {115},
	year = {1825}
}

@misc{github-nics,
    author = {Iglesias, Ó},
    title = {nics.py: a command line application to help perform and interpret non planar NICS calculations in Gaussian},
    year = {2020},
    version = {1.0},
    url = {https://github.com/oscarigrexas/nics}
}

@article{scikit-learn,
	 author={Pedregosa, F. and Varoquaux, G. and Gramfort, A. and Michel, V. and Thirion, B. and Grisel, O. and Blondel, M. and Prettenhofer, P. and Weiss, R. and Dubourg, V. and Vanderplas, J. and Passos, A. and Cournapeau, D. and Brucher, M. and Perrot, M. and Duchesnay, E.},
	 journal={J. Mach. Learn. Res.},
	 pages={2825--2830},
	 title={Scikit-learn: Machine Learning in {P}ython},
	 volume={12},
	 year={2011}
}

@article{keith93,
	author = {T. A. Keith and R. F. W. Bader},
	journal = {Chem. Phys. Lett.},
	pages = {223-–231},
	title = {Calculation of magnetic response properties using a continuous set of gauge transformations},
	volume = {210},
	year = {1993}
}
